<?xml version="1.0" encoding="UTF-8"?><collection xmlns="http://www.loc.gov/MARC21/slim"><record><leader>00539nam--2200169-i-4500</leader><controlfield tag="001">000016882</controlfield><controlfield tag="002">20161230</controlfield><controlfield tag="005">20161230201032</controlfield><controlfield tag="008">060222s1000------------r-----000-0-rus-d</controlfield><datafield ind1=" " ind2=" " tag="041"><subfield code="a">rus</subfield></datafield><datafield ind1=" " ind2=" " tag="080"><subfield code="a">535.243:57(043)</subfield></datafield><datafield ind1="1" ind2=" " tag="100"><subfield code="a">Artmann, Gerhard</subfield></datafield><datafield ind1="1" ind2="0" tag="245"><subfield code="a">Monolayer-photometrie zur quantifizierung der form und induzierter formveranderungen menchlicher erythrozyten</subfield><subfield code="b">Dissert</subfield><subfield code="c">Gerhard artmann</subfield></datafield><datafield ind1=" " ind2=" " tag="260"><subfield code="a">Aachen</subfield><subfield code="b">Rheinisch-westfalischen Technischen</subfield><subfield code="c">1988</subfield></datafield><datafield ind1=" " ind2=" " tag="300"><subfield code="a">143 P</subfield></datafield><datafield ind1=" " ind2=" " tag="852"><subfield code="a">78998</subfield><subfield code="c">535</subfield></datafield><datafield ind1=" " ind2=" " tag="CAT"><subfield code="a">Sys</subfield><subfield code="c">20101129</subfield><subfield code="h">121612</subfield></datafield></record></collection>